<?xml version='1.0' encoding='utf-8'?>
<record xmlns="http://www.loc.gov/MARC21/slim" xmlns:xsi="http://www.w3.org/2001/XMLSchema-instance">
  <leader>00000cas^a22002291^^4500</leader>
  <controlfield tag="001">004167627</controlfield>
  <controlfield tag="005">20100215152237.0</controlfield>
  <controlfield tag="008">010425c195u9999miuuu|p||||||||||||0eng|d</controlfield>
  <datafield tag="035" ind1=" " ind2=" ">
    <subfield code="a">(CaOTULAS)177006332</subfield>
  </datafield>
  <datafield tag="035" ind1=" " ind2=" ">
    <subfield code="a">(SAZTEC)S00905530</subfield>
  </datafield>
  <datafield tag="035" ind1=" " ind2=" ">
    <subfield code="9">(UL)AKE0170</subfield>
  </datafield>
  <datafield tag="035" ind1=" " ind2=" ">
    <subfield code="a">(OCoLC)34915947</subfield>
  </datafield>
  <datafield tag="040" ind1=" " ind2=" ">
    <subfield code="c">SAZTEC</subfield>
    <subfield code="d">MiU-H</subfield>
  </datafield>
  <datafield tag="110" ind1="2" ind2=" ">
    <subfield code="a">University of Michigan.</subfield>
    <subfield code="b">School of Business Administration.</subfield>
  </datafield>
  <datafield tag="245" ind1="1" ind2="0">
    <subfield code="a">Hospital administration program;</subfield>
    <subfield code="b">announcement.</subfield>
  </datafield>
  <datafield tag="246" ind1="0" ind2="7">
    <subfield code="a">Program in hospital administration</subfield>
  </datafield>
  <datafield tag="260" ind1=" " ind2=" ">
    <subfield code="a">Ann Arbor.</subfield>
  </datafield>
  <datafield tag="362" ind1="0" ind2=" ">
    <subfield code="a">195 /5 -</subfield>
  </datafield>
  <datafield tag="490" ind1="0" ind2=" ">
    <subfield code="a">University of Michigan Official publication,</subfield>
    <subfield code="v">v.38, no.102-</subfield>
  </datafield>
  <datafield tag="773" ind1="1" ind2=" ">
    <subfield code="a">University of Michigan</subfield>
    <subfield code="t">School of Business Administration (University of Michigan) publications</subfield>
    <subfield code="w">BAD9163</subfield>
  </datafield>
  <datafield tag="852" ind1="8" ind2=" ">
    <subfield code="a">MiU-H</subfield>
    <subfield code="b">BENT</subfield>
    <subfield code="h">87296 Bimu C221 2</subfield>
  </datafield>
  <datafield tag="998" ind1=" " ind2=" ">
    <subfield code="c">lac</subfield>
    <subfield code="s">9662</subfield>
  </datafield>
  <datafield tag="LKR" ind1=" " ind2=" ">
    <subfield code="a">UP</subfield>
    <subfield code="b">003939956</subfield>
    <subfield code="l">MIU01</subfield>
    <subfield code="r">773</subfield>
    <subfield code="m">Hospital administration program; announcement.</subfield>
    <subfield code="n">[School of Business Administration (University of Michigan) publications].</subfield>
  </datafield>
  <datafield tag="955" ind1=" " ind2=" ">
    <subfield code="b">BENT</subfield>
    <subfield code="p">B1758005</subfield>
  </datafield>
</record>
